@book{inman,
    Author={D. J. Inman},
    Title={Engineering Vibration},
    Publisher={Pearson},
    Address={New Jersey},
    Year={2014}
}

@book{chapman,
    Author={Chapman, Stephen J.},
    Title={Fundamentos de máquinas elétricas},
    Publisher={AMGH Editora ltda},
    Address={Porto Alegre},
    Year={2013}
}

@book{metodos_numericos,
    Author={Amos Gilat and Vish Subramaniam},
    Title={Métodos Numéricos para Engenheiros e Cientistas - Uma introdução com aplicações usando o MATLAB},
    Publisher={Bookman},
    Year={2008}
}

@book{Fitzgerald,
    Author={A. E. Fitzgerald AND Charles Kingslei, Jr AND Stephen D. Umans},
    Title={Máquinas Elétricas com introdução à eletrônica de potência},
    Publisher={bookman},
    Year={2006}
}

@manual{WEG,
    title = {Guia de aplicação: inversores de frequência},
    organization = {WEG AUTOMAÇÃO},
    edition = {2$^{\circ}$ edição},
    year = {2009}
}

@manual{WEG2,
    title = {Guia técnico – motores de indução alimentados por inversores de frequência PWM},
    organization = { WEG Equipamentos Elétricos},
    edition = {2009},
    year = {2009}
}

@manual{NBR5410,
    title = {ABNT NBR5410 - Instalações elétricas de baixa tensão},
    organization = {ABNT NBR5410},
    edition = {2004},
    year = {2004}
}

@book{pmbok,
    Author={{PROJECT MANAGEMENT INSTITUTE}},
    Title={Project Management Body of Knowledge},
    Publisher={PMI},
    Year={2013}
}

@online{ricardo_jose,
author = {José R. Ricardo},
title = {Pavimento de Concreto},
year = {2005},
url = {http://viasconcretas.com.br/cms/wp-content/files\_mf/adensamento\_concreto\_por\_vibracao.pdf},
note = {Acesso em: 31/08/2016}
}

@online{acos_continente,
author = {{AÇOS CONTINENTE}},
title = {Cantoneira Abas Iguais},
year = {2016},
url ={http://www.acoscontinente.com.br/secao/9/cantoneira-abas-iguais},
note = {Acesso em: 01/09/2016}
}

@online{ferramentas_kennedy,
author = {{FERRAMENTAS KENNEDY}},
title = {Amortecedor Ventosa N$^{\circ}$1 Vibra Stop},
year = {2016},
url ={http://www.ferramentaskennedy.com.br/loja/produto/27/1753/amortecedor-ventosa-n1-1-4-25kg-cada-vibra-stop},
note = {Acesso em: 31/08/2016}
}

@manual{mola_catalogo,
    author={{VIBRA - STOP}}
    title = {Catálogo - Linha Mola. Amortecedores de Impacto e Vibração},
    organization = {{VIBRA - STOP}},
    year = {2016}
}
@manual{WEG_catalogo,
    title = {Catálogo - Motores elétricos de Corrente Alternada.},
    organization = {WEG AUTOMAÇÃO},
    year = {2009}
}

@manual{allen,
    author={Allen Bradley}
    title = {PowerFlex 4 and 40 AC Drives},
    organization = {Rockwell Automation},
    year = {2013}
}

@book{mola_santos,
    Author={A. A. Santos},
    Title={Elementos de máquinas: Molas Helicoidais e Planas},
    Publisher={Universidade Estadual de Campinas},
    Year={2001}
}

@book{siemens,
    Author={Siemens},
    Title={Micromaster 420 - Parameter list},
    Address={Germany},
    Year={2006},
    Note={196p}
}

@book{covino,
    Author={M. Covino AND M. Grassi AND E. Pagano},
    Title={Analysis of breaking operations in present-day eletric drives with asynchronous motors},
    Publisher={IEEE Review},
    Year={1997},
    Address={London},
    Note={p. 1-3}
}

@book{evandro,
    Author={Evandro da Silva},
    Title={Apostila de Vibrações Mecânicas},
    Year={2009},
    Address={Universidade Estadual do Oeste do Paraná/ Campus de Foz do Iguaçu}
}

@book{shigley,
    Author={Joseph E. Shigley},
    Title={Projeto de Engenharia Mecânica},
    Year={2005},
    Publisher={Bookman}
}

@article{scrum,
    Author = {Shwaber AND Sutherland},
    Title = {Guia do Scrum},
    Year = {2013}
}
